





@article{doi:10.1063/1.1633549,
author = {Kwac,Kijeong  and Lee,Hochan  and Cho,Minhaeng },
title = {Non-Gaussian statistics of amide I mode frequency fluctuation of N-methylacetamide in methanol solution: Linear and nonlinear vibrational spectra},
journal = {The Journal of Chemical Physics},
volume = {120},
number = {3},
pages = {1477-1490},
year = {2004},
doi = {10.1063/1.1633549},

URL = { 
        https://doi.org/10.1063/1.1633549
    
},
eprint = { 
        https://doi.org/10.1063/1.1633549
    
}

}


