





@article{doi:10.1063/1.1961472,
author = {Schmidt,J. R.  and Corcelli,S. A.  and Skinner,J. L. },
title = {Pronounced non-Condon effects in the ultrafast infrared spectroscopy of water},
journal = {The Journal of Chemical Physics},
volume = {123},
number = {4},
pages = {044513},
year = {2005},
doi = {10.1063/1.1961472},

URL = { 
        https://doi.org/10.1063/1.1961472
    
},
eprint = { 
        https://doi.org/10.1063/1.1961472
    
}

}


